<?xml version="1.0" encoding="UTF-8"?><collection xmlns="http://www.loc.gov/MARC21/slim"><record><leader>00542nam--2200181-u-4500</leader><controlfield tag="001">000052975</controlfield><controlfield tag="002">20161230</controlfield><controlfield tag="005">20161230201050</controlfield><controlfield tag="008">101217s1000------------r-----000-0-rus-d</controlfield><datafield ind1=" " ind2=" " tag="040"><subfield code="a">IFIN-HH</subfield></datafield><datafield ind1=" " ind2=" " tag="041"><subfield code="a">rus</subfield></datafield><datafield ind1=" " ind2=" " tag="080"><subfield code="a">535.338.41</subfield></datafield><datafield ind1="1" ind2=" " tag="100"><subfield code="a">Koriajkin, V.A</subfield></datafield><datafield ind1="1" ind2="0" tag="245"><subfield code="a">Electronnie spektri molekul</subfield><subfield code="b">(vvedenie v analiz elektronnih spektrov dvujatomnih i prosteisih mnogoatomih molekul)</subfield><subfield code="c">V.a. koriajkin</subfield></datafield><datafield ind1=" " ind2=" " tag="260"><subfield code="a">Moskva</subfield><subfield code="b">Moskovskogo Universiteta</subfield><subfield code="c">1984</subfield></datafield><datafield ind1=" " ind2=" " tag="300"><subfield code="a">161P</subfield></datafield><datafield ind1=" " ind2=" " tag="852"><subfield code="a">72203</subfield><subfield code="c">535.33</subfield></datafield><datafield ind1=" " ind2=" " tag="CAT"><subfield code="a">Sys</subfield><subfield code="c">20101217</subfield><subfield code="h">100629</subfield></datafield></record></collection>